%YAML 1.1
%TAG !u! tag:unity3d.com,2011:
--- !u!1 &212656018870016668
GameObject:
  m_ObjectHideFlags: 0
  m_CorrespondingSourceObject: {fileID: 0}
  m_PrefabInstance: {fileID: 0}
  m_PrefabAsset: {fileID: 0}
  serializedVersion: 6
  m_Component:
  - component: {fileID: 8032326765575959542}
  m_Layer: 0
  m_Name: mixamorig:Neck
  m_TagString: Untagged
  m_Icon: {fileID: 0}
  m_NavMeshLayer: 0
  m_StaticEditorFlags: 0
  m_IsActive: 1
--- !u!4 &8032326765575959542
Transform:
  m_ObjectHideFlags: 0
  m_CorrespondingSourceObject: {fileID: 0}
  m_PrefabInstance: {fileID: 0}
  m_PrefabAsset: {fileID: 0}
  m_GameObject: {fileID: 212656018870016668}
  m_LocalRotation: {x: -0.010274638, y: -0.007554534, z: 0.012534153, w: 0.99984014}
  m_LocalPosition: {x: -0, y: 0.44645438, z: -0.000000010633886}
  m_LocalScale: {x: 1, y: 1, z: 1}
  m_Children:
  - {fileID: 7274105730921454220}
  m_Father: {fileID: 3458783708941713291}
  m_RootOrder: 1
  m_LocalEulerAnglesHint: {x: 0.5279976, y: -0.17446926, z: 0.26252735}
--- !u!1 &277418642044025519
GameObject:
  m_ObjectHideFlags: 0
  m_CorrespondingSourceObject: {fileID: 0}
  m_PrefabInstance: {fileID: 0}
  m_PrefabAsset: {fileID: 0}
  serializedVersion: 6
  m_Component:
  - component: {fileID: 6035874082089505053}
  m_Layer: 0
  m_Name: mixamorig:LeftForeArm
  m_TagString: Untagged
  m_Icon: {fileID: 0}
  m_NavMeshLayer: 0
  m_StaticEditorFlags: 0
  m_IsActive: 1
--- !u!4 &6035874082089505053
Transform:
  m_ObjectHideFlags: 0
  m_CorrespondingSourceObject: {fileID: 0}
  m_PrefabInstance: {fileID: 0}
  m_PrefabAsset: {fileID: 0}
  m_GameObject: {fileID: 277418642044025519}
  m_LocalRotation: {x: 0.0074652056, y: 0.0000052214364, z: -0.25276157, w: 0.9674998}
  m_LocalPosition: {x: -0, y: 0.70166385, z: 0}
  m_LocalScale: {x: 1, y: 1, z: 1}
  m_Children:
  - {fileID: 8009827595261458983}
  m_Father: {fileID: 7298456948258241756}
  m_RootOrder: 0
  m_LocalEulerAnglesHint: {x: 0.58990353, y: -0.105257, z: -20.394047}
--- !u!1 &560025533159526259
GameObject:
  m_ObjectHideFlags: 0
  m_CorrespondingSourceObject: {fileID: 0}
  m_PrefabInstance: {fileID: 0}
  m_PrefabAsset: {fileID: 0}
  serializedVersion: 6
  m_Component:
  - component: {fileID: 2120428697054853452}
  m_Layer: 0
  m_Name: mixamorig:RightToeBase
  m_TagString: Untagged
  m_Icon: {fileID: 0}
  m_NavMeshLayer: 0
  m_StaticEditorFlags: 0
  m_IsActive: 1
--- !u!4 &2120428697054853452
Transform:
  m_ObjectHideFlags: 0
  m_CorrespondingSourceObject: {fileID: 0}
  m_PrefabInstance: {fileID: 0}
  m_PrefabAsset: {fileID: 0}
  m_GameObject: {fileID: 560025533159526259}
  m_LocalRotation: {x: 0.31730053, y: -0.12153791, z: 0.041042704, w: 0.9396087}
  m_LocalPosition: {x: -0, y: 0.35529456, z: 0}
  m_LocalScale: {x: 1, y: 1, z: 1}
  m_Children:
  - {fileID: 6534884704127015406}
  m_Father: {fileID: 4424164853597211032}
  m_RootOrder: 0
  m_LocalEulerAnglesHint: {x: 41.798275, y: -14.484493, z: -0.578603}
--- !u!1 &825770757085079080
GameObject:
  m_ObjectHideFlags: 0
  m_CorrespondingSourceObject: {fileID: 0}
  m_PrefabInstance: {fileID: 0}
  m_PrefabAsset: {fileID: 0}
  serializedVersion: 6
  m_Component:
  - component: {fileID: 8009827595261458983}
  m_Layer: 0
  m_Name: mixamorig:LeftHand
  m_TagString: Untagged
  m_Icon: {fileID: 0}
  m_NavMeshLayer: 0
  m_StaticEditorFlags: 0
  m_IsActive: 1
--- !u!4 &8009827595261458983
Transform:
  m_ObjectHideFlags: 0
  m_CorrespondingSourceObject: {fileID: 0}
  m_PrefabInstance: {fileID: 0}
  m_PrefabAsset: {fileID: 0}
  m_GameObject: {fileID: 825770757085079080}
  m_LocalRotation: {x: 0, y: -0, z: -0, w: 1}
  m_LocalPosition: {x: -0, y: 0.74991995, z: -5.684342e-16}
  m_LocalScale: {x: 1, y: 1, z: 1}
  m_Children: []
  m_Father: {fileID: 6035874082089505053}
  m_RootOrder: 0
  m_LocalEulerAnglesHint: {x: 0, y: 0, z: 0}
--- !u!1 &894915867542762490
GameObject:
  m_ObjectHideFlags: 0
  m_CorrespondingSourceObject: {fileID: 0}
  m_PrefabInstance: {fileID: 0}
  m_PrefabAsset: {fileID: 0}
  serializedVersion: 6
  m_Component:
  - component: {fileID: 386171200006064049}
  - component: {fileID: 1241885405703333462}
  m_Layer: 0
  m_Name: Olho esquerdo
  m_TagString: Untagged
  m_Icon: {fileID: 0}
  m_NavMeshLayer: 0
  m_StaticEditorFlags: 0
  m_IsActive: 1
--- !u!4 &386171200006064049
Transform:
  m_ObjectHideFlags: 0
  m_CorrespondingSourceObject: {fileID: 0}
  m_PrefabInstance: {fileID: 0}
  m_PrefabAsset: {fileID: 0}
  m_GameObject: {fileID: 894915867542762490}
  m_LocalRotation: {x: -0.00000003774895, y: 0, z: -0, w: 1}
  m_LocalPosition: {x: -0.10088275, y: 4.2734714, z: 0.19405611}
  m_LocalScale: {x: 6.233776, y: 6.233776, z: 3.501363}
  m_Children: []
  m_Father: {fileID: 3647425763821602831}
  m_RootOrder: 5
  m_LocalEulerAnglesHint: {x: 0, y: 0, z: 0}
--- !u!137 &1241885405703333462
SkinnedMeshRenderer:
  m_ObjectHideFlags: 0
  m_CorrespondingSourceObject: {fileID: 0}
  m_PrefabInstance: {fileID: 0}
  m_PrefabAsset: {fileID: 0}
  m_GameObject: {fileID: 894915867542762490}
  m_Enabled: 1
  m_CastShadows: 1
  m_ReceiveShadows: 1
  m_DynamicOccludee: 1
  m_MotionVectors: 1
  m_LightProbeUsage: 1
  m_ReflectionProbeUsage: 1
  m_RayTracingMode: 3
  m_RayTraceProcedural: 0
  m_RenderingLayerMask: 1
  m_RendererPriority: 0
  m_Materials:
  - {fileID: 2100000, guid: 87a3e9e738162774ebb4dd5d53af899d, type: 2}
  - {fileID: 2100000, guid: 38bdbd9bc46969b46a3aefcedebf1414, type: 2}
  m_StaticBatchInfo:
    firstSubMesh: 0
    subMeshCount: 0
  m_StaticBatchRoot: {fileID: 0}
  m_ProbeAnchor: {fileID: 0}
  m_LightProbeVolumeOverride: {fileID: 0}
  m_ScaleInLightmap: 1
  m_ReceiveGI: 1
  m_PreserveUVs: 0
  m_IgnoreNormalsForChartDetection: 0
  m_ImportantGI: 0
  m_StitchLightmapSeams: 1
  m_SelectedEditorRenderState: 3
  m_MinimumChartSize: 4
  m_AutoUVMaxDistance: 0.5
  m_AutoUVMaxAngle: 89
  m_LightmapParameters: {fileID: 0}
  m_SortingLayerID: 0
  m_SortingLayer: 0
  m_SortingOrder: 0
  serializedVersion: 2
  m_Quality: 0
  m_UpdateWhenOffscreen: 0
  m_SkinnedMotionVectors: 1
  m_Mesh: {fileID: -888902098318283093, guid: 59f7828e80a9ccf4988e48b1ff83d4e3, type: 3}
  m_Bones:
  - {fileID: 7274105730921454220}
  - {fileID: 8032326765575959542}
  m_BlendShapeWeights: []
  m_RootBone: {fileID: 8032326765575959542}
  m_AABB:
    m_Center: {x: -0.08621359, y: 0.48268723, z: 0.30020106}
    m_Extent: {x: 0.07700688, y: 0.057254493, z: 0.052590467}
  m_DirtyAABB: 0
--- !u!1 &1205656646235882213
GameObject:
  m_ObjectHideFlags: 0
  m_CorrespondingSourceObject: {fileID: 0}
  m_PrefabInstance: {fileID: 0}
  m_PrefabAsset: {fileID: 0}
  serializedVersion: 6
  m_Component:
  - component: {fileID: 3215948226136330284}
  m_Layer: 0
  m_Name: mixamorig:RightHand
  m_TagString: Untagged
  m_Icon: {fileID: 0}
  m_NavMeshLayer: 0
  m_StaticEditorFlags: 0
  m_IsActive: 1
--- !u!4 &3215948226136330284
Transform:
  m_ObjectHideFlags: 0
  m_CorrespondingSourceObject: {fileID: 0}
  m_PrefabInstance: {fileID: 0}
  m_PrefabAsset: {fileID: 0}
  m_GameObject: {fileID: 1205656646235882213}
  m_LocalRotation: {x: 0, y: -0, z: -0, w: 1}
  m_LocalPosition: {x: -1.7763568e-17, y: 0.749887, z: -5.684342e-16}
  m_LocalScale: {x: 1, y: 1, z: 1}
  m_Children: []
  m_Father: {fileID: 1623448693693536844}
  m_RootOrder: 0
  m_LocalEulerAnglesHint: {x: 0, y: 0, z: 0}
--- !u!1 &1336463307047349737
GameObject:
  m_ObjectHideFlags: 0
  m_CorrespondingSourceObject: {fileID: 0}
  m_PrefabInstance: {fileID: 0}
  m_PrefabAsset: {fileID: 0}
  serializedVersion: 6
  m_Component:
  - component: {fileID: 1477939627522600720}
  m_Layer: 0
  m_Name: mixamorig:LeftShoulder
  m_TagString: Untagged
  m_Icon: {fileID: 0}
  m_NavMeshLayer: 0
  m_StaticEditorFlags: 0
  m_IsActive: 1
--- !u!4 &1477939627522600720
Transform:
  m_ObjectHideFlags: 0
  m_CorrespondingSourceObject: {fileID: 0}
  m_PrefabInstance: {fileID: 0}
  m_PrefabAsset: {fileID: 0}
  m_GameObject: {fileID: 1336463307047349737}
  m_LocalRotation: {x: 0.54131025, y: -0.42164814, z: 0.62562305, w: 0.37120333}
  m_LocalPosition: {x: -0.11750688, y: 0.3805504, z: -0.0016162146}
  m_LocalScale: {x: 1, y: 1, z: 1}
  m_Children:
  - {fileID: 7298456948258241756}
  m_Father: {fileID: 3458783708941713291}
  m_RootOrder: 0
  m_LocalEulerAnglesHint: {x: 48.52434, y: 96.588776, z: -179.35797}
--- !u!1 &1643951068735618201
GameObject:
  m_ObjectHideFlags: 0
  m_CorrespondingSourceObject: {fileID: 0}
  m_PrefabInstance: {fileID: 0}
  m_PrefabAsset: {fileID: 0}
  serializedVersion: 6
  m_Component:
  - component: {fileID: 5676570875670365976}
  - component: {fileID: 7829813519297133112}
  m_Layer: 0
  m_Name: boca
  m_TagString: Untagged
  m_Icon: {fileID: 0}
  m_NavMeshLayer: 0
  m_StaticEditorFlags: 0
  m_IsActive: 1
--- !u!4 &5676570875670365976
Transform:
  m_ObjectHideFlags: 0
  m_CorrespondingSourceObject: {fileID: 0}
  m_PrefabInstance: {fileID: 0}
  m_PrefabAsset: {fileID: 0}
  m_GameObject: {fileID: 1643951068735618201}
  m_LocalRotation: {x: 0.00000008146034, y: 0, z: -0, w: 1}
  m_LocalPosition: {x: 0.000000008190889, y: 4.015876, z: 0.22012417}
  m_LocalScale: {x: 24.560225, y: 24.916725, z: 31.587093}
  m_Children: []
  m_Father: {fileID: 3647425763821602831}
  m_RootOrder: 0
  m_LocalEulerAnglesHint: {x: 0, y: 0, z: 0}
--- !u!137 &7829813519297133112
SkinnedMeshRenderer:
  m_ObjectHideFlags: 0
  m_CorrespondingSourceObject: {fileID: 0}
  m_PrefabInstance: {fileID: 0}
  m_PrefabAsset: {fileID: 0}
  m_GameObject: {fileID: 1643951068735618201}
  m_Enabled: 1
  m_CastShadows: 1
  m_ReceiveShadows: 1
  m_DynamicOccludee: 1
  m_MotionVectors: 1
  m_LightProbeUsage: 1
  m_ReflectionProbeUsage: 1
  m_RayTracingMode: 3
  m_RayTraceProcedural: 0
  m_RenderingLayerMask: 1
  m_RendererPriority: 0
  m_Materials:
  - {fileID: 2100000, guid: 94765f704aa10524c91ae0055380f847, type: 2}
  m_StaticBatchInfo:
    firstSubMesh: 0
    subMeshCount: 0
  m_StaticBatchRoot: {fileID: 0}
  m_ProbeAnchor: {fileID: 0}
  m_LightProbeVolumeOverride: {fileID: 0}
  m_ScaleInLightmap: 1
  m_ReceiveGI: 1
  m_PreserveUVs: 0
  m_IgnoreNormalsForChartDetection: 0
  m_ImportantGI: 0
  m_StitchLightmapSeams: 1
  m_SelectedEditorRenderState: 3
  m_MinimumChartSize: 4
  m_AutoUVMaxDistance: 0.5
  m_AutoUVMaxAngle: 89
  m_LightmapParameters: {fileID: 0}
  m_SortingLayerID: 0
  m_SortingLayer: 0
  m_SortingOrder: 0
  serializedVersion: 2
  m_Quality: 0
  m_UpdateWhenOffscreen: 0
  m_SkinnedMotionVectors: 1
  m_Mesh: {fileID: -3076181267399317282, guid: 59f7828e80a9ccf4988e48b1ff83d4e3, type: 3}
  m_Bones:
  - {fileID: 7274105730921454220}
  - {fileID: 8032326765575959542}
  m_BlendShapeWeights: []
  m_RootBone: {fileID: 8032326765575959542}
  m_AABB:
    m_Center: {x: 0.008416347, y: 0.20457852, z: 0.3199061}
    m_Extent: {x: 0.16330612, y: 0.118764915, z: 0.08365122}
  m_DirtyAABB: 0
--- !u!1 &1837323371476901515
GameObject:
  m_ObjectHideFlags: 0
  m_CorrespondingSourceObject: {fileID: 0}
  m_PrefabInstance: {fileID: 0}
  m_PrefabAsset: {fileID: 0}
  serializedVersion: 6
  m_Component:
  - component: {fileID: 8398293726008589367}
  - component: {fileID: 6404982798045368663}
  m_Layer: 0
  m_Name: sobrancelha direita
  m_TagString: Untagged
  m_Icon: {fileID: 0}
  m_NavMeshLayer: 0
  m_StaticEditorFlags: 0
  m_IsActive: 1
--- !u!4 &8398293726008589367
Transform:
  m_ObjectHideFlags: 0
  m_CorrespondingSourceObject: {fileID: 0}
  m_PrefabInstance: {fileID: 0}
  m_PrefabAsset: {fileID: 0}
  m_GameObject: {fileID: 1837323371476901515}
  m_LocalRotation: {x: -0.6417142, y: 0.17350669, z: 0.102127135, w: 0.7400462}
  m_LocalPosition: {x: 0.010523818, y: 4.321205, z: 0.24496332}
  m_LocalScale: {x: 10.450886, y: 0.9635797, z: 1.0410359}
  m_Children: []
  m_Father: {fileID: 3647425763821602831}
  m_RootOrder: 6
  m_LocalEulerAnglesHint: {x: 0, y: 0, z: 0}
--- !u!137 &6404982798045368663
SkinnedMeshRenderer:
  m_ObjectHideFlags: 0
  m_CorrespondingSourceObject: {fileID: 0}
  m_PrefabInstance: {fileID: 0}
  m_PrefabAsset: {fileID: 0}
  m_GameObject: {fileID: 1837323371476901515}
  m_Enabled: 1
  m_CastShadows: 1
  m_ReceiveShadows: 1
  m_DynamicOccludee: 1
  m_MotionVectors: 1
  m_LightProbeUsage: 1
  m_ReflectionProbeUsage: 1
  m_RayTracingMode: 3
  m_RayTraceProcedural: 0
  m_RenderingLayerMask: 1
  m_RendererPriority: 0
  m_Materials:
  - {fileID: 2100000, guid: 2cb9c97d2821c0b43a7fd64a589fb6f2, type: 2}
  m_StaticBatchInfo:
    firstSubMesh: 0
    subMeshCount: 0
  m_StaticBatchRoot: {fileID: 0}
  m_ProbeAnchor: {fileID: 0}
  m_LightProbeVolumeOverride: {fileID: 0}
  m_ScaleInLightmap: 1
  m_ReceiveGI: 1
  m_PreserveUVs: 0
  m_IgnoreNormalsForChartDetection: 0
  m_ImportantGI: 0
  m_StitchLightmapSeams: 1
  m_SelectedEditorRenderState: 3
  m_MinimumChartSize: 4
  m_AutoUVMaxDistance: 0.5
  m_AutoUVMaxAngle: 89
  m_LightmapParameters: {fileID: 0}
  m_SortingLayerID: 0
  m_SortingLayer: 0
  m_SortingOrder: 0
  serializedVersion: 2
  m_Quality: 0
  m_UpdateWhenOffscreen: 0
  m_SkinnedMotionVectors: 1
  m_Mesh: {fileID: 298583182239537706, guid: 59f7828e80a9ccf4988e48b1ff83d4e3, type: 3}
  m_Bones:
  - {fileID: 7274105730921454220}
  - {fileID: 8032326765575959542}
  m_BlendShapeWeights: []
  m_RootBone: {fileID: 8032326765575959542}
  m_AABB:
    m_Center: {x: 0.13383128, y: 0.5289024, z: 0.30510226}
    m_Extent: {x: 0.10570884, y: 0.045488685, z: 0.06569726}
  m_DirtyAABB: 0
--- !u!1 &2102615585627200032
GameObject:
  m_ObjectHideFlags: 0
  m_CorrespondingSourceObject: {fileID: 0}
  m_PrefabInstance: {fileID: 0}
  m_PrefabAsset: {fileID: 0}
  serializedVersion: 6
  m_Component:
  - component: {fileID: 5596742582629555810}
  m_Layer: 0
  m_Name: mixamorig:HeadTop_End
  m_TagString: Untagged
  m_Icon: {fileID: 0}
  m_NavMeshLayer: 0
  m_StaticEditorFlags: 0
  m_IsActive: 1
--- !u!4 &5596742582629555810
Transform:
  m_ObjectHideFlags: 0
  m_CorrespondingSourceObject: {fileID: 0}
  m_PrefabInstance: {fileID: 0}
  m_PrefabAsset: {fileID: 0}
  m_GameObject: {fileID: 2102615585627200032}
  m_LocalRotation: {x: 0, y: -0, z: -0, w: 1}
  m_LocalPosition: {x: -0, y: 0.6991217, z: 0.093748055}
  m_LocalScale: {x: 1, y: 1, z: 1}
  m_Children: []
  m_Father: {fileID: 7274105730921454220}
  m_RootOrder: 0
  m_LocalEulerAnglesHint: {x: 0, y: 0, z: 0}
--- !u!1 &2202819776267199945
GameObject:
  m_ObjectHideFlags: 0
  m_CorrespondingSourceObject: {fileID: 0}
  m_PrefabInstance: {fileID: 0}
  m_PrefabAsset: {fileID: 0}
  serializedVersion: 6
  m_Component:
  - component: {fileID: 1625962178887061991}
  m_Layer: 0
  m_Name: mixamorig:LeftUpLeg
  m_TagString: Untagged
  m_Icon: {fileID: 0}
  m_NavMeshLayer: 0
  m_StaticEditorFlags: 0
  m_IsActive: 1
--- !u!4 &1625962178887061991
Transform:
  m_ObjectHideFlags: 0
  m_CorrespondingSourceObject: {fileID: 0}
  m_PrefabInstance: {fileID: 0}
  m_PrefabAsset: {fileID: 0}
  m_GameObject: {fileID: 2202819776267199945}
  m_LocalRotation: {x: -0.037618227, y: 0.06387846, z: 0.9970703, w: 0.018846132}
  m_LocalPosition: {x: -0.23647602, y: -0.16547379, z: -0.0052499534}
  m_LocalScale: {x: 1, y: 1, z: 1}
  m_Children:
  - {fileID: 6208873512162822457}
  m_Father: {fileID: 9137258994820163739}
  m_RootOrder: 0
  m_LocalEulerAnglesHint: {x: 5.530002, y: -5.3023877, z: -174.71205}
--- !u!1 &2254458628633538020
GameObject:
  m_ObjectHideFlags: 0
  m_CorrespondingSourceObject: {fileID: 0}
  m_PrefabInstance: {fileID: 0}
  m_PrefabAsset: {fileID: 0}
  serializedVersion: 6
  m_Component:
  - component: {fileID: 6208873512162822457}
  m_Layer: 0
  m_Name: mixamorig:LeftLeg
  m_TagString: Untagged
  m_Icon: {fileID: 0}
  m_NavMeshLayer: 0
  m_StaticEditorFlags: 0
  m_IsActive: 1
--- !u!4 &6208873512162822457
Transform:
  m_ObjectHideFlags: 0
  m_CorrespondingSourceObject: {fileID: 0}
  m_PrefabInstance: {fileID: 0}
  m_PrefabAsset: {fileID: 0}
  m_GameObject: {fileID: 2254458628633538020}
  m_LocalRotation: {x: -0.20608251, y: 0.07786139, z: -0.024230666, w: 0.97513103}
  m_LocalPosition: {x: -0, y: 1.0106239, z: -8.881784e-18}
  m_LocalScale: {x: 1, y: 1, z: 1}
  m_Children:
  - {fileID: 1552733242288959957}
  m_Father: {fileID: 1625962178887061991}
  m_RootOrder: 0
  m_LocalEulerAnglesHint: {x: -14.43463, y: -7.901612, z: 2.005966}
--- !u!1 &2354701989593236319
GameObject:
  m_ObjectHideFlags: 0
  m_CorrespondingSourceObject: {fileID: 0}
  m_PrefabInstance: {fileID: 0}
  m_PrefabAsset: {fileID: 0}
  serializedVersion: 6
  m_Component:
  - component: {fileID: 8838008002774948616}
  m_Layer: 0
  m_Name: mixamorig:Spine
  m_TagString: Untagged
  m_Icon: {fileID: 0}
  m_NavMeshLayer: 0
  m_StaticEditorFlags: 0
  m_IsActive: 1
--- !u!4 &8838008002774948616
Transform:
  m_ObjectHideFlags: 0
  m_CorrespondingSourceObject: {fileID: 0}
  m_PrefabInstance: {fileID: 0}
  m_PrefabAsset: {fileID: 0}
  m_GameObject: {fileID: 2354701989593236319}
  m_LocalRotation: {x: -0.005370221, y: 0.0010965003, z: 0.00018937686, w: 0.999985}
  m_LocalPosition: {x: -0, y: 0.29752272, z: -0.008225145}
  m_LocalScale: {x: 1, y: 1, z: 1}
  m_Children:
  - {fileID: 2718860259977875424}
  m_Father: {fileID: 9137258994820163739}
  m_RootOrder: 2
  m_LocalEulerAnglesHint: {x: 3.2414904, y: 4.656335, z: 1.0656055}
--- !u!1 &2846708527618054153
GameObject:
  m_ObjectHideFlags: 0
  m_CorrespondingSourceObject: {fileID: 0}
  m_PrefabInstance: {fileID: 0}
  m_PrefabAsset: {fileID: 0}
  serializedVersion: 6
  m_Component:
  - component: {fileID: 7825116698328014666}
  m_Layer: 0
  m_Name: mixamorig:LeftToeBase
  m_TagString: Untagged
  m_Icon: {fileID: 0}
  m_NavMeshLayer: 0
  m_StaticEditorFlags: 0
  m_IsActive: 1
--- !u!4 &7825116698328014666
Transform:
  m_ObjectHideFlags: 0
  m_CorrespondingSourceObject: {fileID: 0}
  m_PrefabInstance: {fileID: 0}
  m_PrefabAsset: {fileID: 0}
  m_GameObject: {fileID: 2846708527618054153}
  m_LocalRotation: {x: 0.3240935, y: 0.12315074, z: -0.04216448, w: 0.937027}
  m_LocalPosition: {x: -3.5527136e-17, y: 0.3523709, z: 0}
  m_LocalScale: {x: 1, y: 1, z: 1}
  m_Children:
  - {fileID: 940528488137579164}
  m_Father: {fileID: 1552733242288959957}
  m_RootOrder: 0
  m_LocalEulerAnglesHint: {x: 41.122044, y: 14.821803, z: 0.44228435}
--- !u!1 &3354392152387138486
GameObject:
  m_ObjectHideFlags: 0
  m_CorrespondingSourceObject: {fileID: 0}
  m_PrefabInstance: {fileID: 0}
  m_PrefabAsset: {fileID: 0}
  serializedVersion: 6
  m_Component:
  - component: {fileID: 7658944370052872646}
  - component: {fileID: 8356785863899989691}
  m_Layer: 0
  m_Name: corpo.002
  m_TagString: Untagged
  m_Icon: {fileID: 0}
  m_NavMeshLayer: 0
  m_StaticEditorFlags: 0
  m_IsActive: 1
--- !u!4 &7658944370052872646
Transform:
  m_ObjectHideFlags: 0
  m_CorrespondingSourceObject: {fileID: 0}
  m_PrefabInstance: {fileID: 0}
  m_PrefabAsset: {fileID: 0}
  m_GameObject: {fileID: 3354392152387138486}
  m_LocalRotation: {x: 0.00000008146034, y: 0, z: -0, w: 1}
  m_LocalPosition: {x: -0, y: -0.000000059604645, z: 0}
  m_LocalScale: {x: 24.560225, y: 24.916725, z: 31.587093}
  m_Children: []
  m_Father: {fileID: 3647425763821602831}
  m_RootOrder: 2
  m_LocalEulerAnglesHint: {x: 0, y: 0, z: 0}
--- !u!137 &8356785863899989691
SkinnedMeshRenderer:
  m_ObjectHideFlags: 0
  m_CorrespondingSourceObject: {fileID: 0}
  m_PrefabInstance: {fileID: 0}
  m_PrefabAsset: {fileID: 0}
  m_GameObject: {fileID: 3354392152387138486}
  m_Enabled: 1
  m_CastShadows: 1
  m_ReceiveShadows: 1
  m_DynamicOccludee: 1
  m_MotionVectors: 1
  m_LightProbeUsage: 1
  m_ReflectionProbeUsage: 1
  m_RayTracingMode: 3
  m_RayTraceProcedural: 0
  m_RenderingLayerMask: 1
  m_RendererPriority: 0
  m_Materials:
  - {fileID: 2100000, guid: 83358cd7b3a2140448252e126413f6ef, type: 2}
  m_StaticBatchInfo:
    firstSubMesh: 0
    subMeshCount: 0
  m_StaticBatchRoot: {fileID: 0}
  m_ProbeAnchor: {fileID: 0}
  m_LightProbeVolumeOverride: {fileID: 0}
  m_ScaleInLightmap: 1
  m_ReceiveGI: 1
  m_PreserveUVs: 0
  m_IgnoreNormalsForChartDetection: 0
  m_ImportantGI: 0
  m_StitchLightmapSeams: 1
  m_SelectedEditorRenderState: 3
  m_MinimumChartSize: 4
  m_AutoUVMaxDistance: 0.5
  m_AutoUVMaxAngle: 89
  m_LightmapParameters: {fileID: 0}
  m_SortingLayerID: 0
  m_SortingLayer: 0
  m_SortingOrder: 0
  serializedVersion: 2
  m_Quality: 0
  m_UpdateWhenOffscreen: 0
  m_SkinnedMotionVectors: 1
  m_Mesh: {fileID: 7646104541379227250, guid: 59f7828e80a9ccf4988e48b1ff83d4e3, type: 3}
  m_Bones:
  - {fileID: 7274105730921454220}
  - {fileID: 8032326765575959542}
  - {fileID: 3458783708941713291}
  - {fileID: 2718860259977875424}
  - {fileID: 8838008002774948616}
  - {fileID: 9137258994820163739}
  - {fileID: 1477939627522600720}
  - {fileID: 7298456948258241756}
  - {fileID: 6208873512162822457}
  - {fileID: 1552733242288959957}
  - {fileID: 7825116698328014666}
  - {fileID: 6035874082089505053}
  - {fileID: 1625962178887061991}
  - {fileID: 8009827595261458983}
  - {fileID: 4921169381680750500}
  - {fileID: 6280366213572826745}
  - {fileID: 7372746472124412129}
  - {fileID: 8725197469084459326}
  - {fileID: 4424164853597211032}
  - {fileID: 2120428697054853452}
  - {fileID: 3215948226136330284}
  - {fileID: 1623448693693536844}
  m_BlendShapeWeights: []
  m_RootBone: {fileID: 9137258994820163739}
  m_AABB:
    m_Center: {x: 0.056394428, y: -0.055612206, z: 0.03190288}
    m_Extent: {x: 0.99359655, y: 2.4269347, z: 0.71963096}
  m_DirtyAABB: 0
--- !u!1 &3833810146347540765
GameObject:
  m_ObjectHideFlags: 0
  m_CorrespondingSourceObject: {fileID: 0}
  m_PrefabInstance: {fileID: 0}
  m_PrefabAsset: {fileID: 0}
  serializedVersion: 6
  m_Component:
  - component: {fileID: 6280366213572826745}
  m_Layer: 0
  m_Name: mixamorig:RightShoulder
  m_TagString: Untagged
  m_Icon: {fileID: 0}
  m_NavMeshLayer: 0
  m_StaticEditorFlags: 0
  m_IsActive: 1
--- !u!4 &6280366213572826745
Transform:
  m_ObjectHideFlags: 0
  m_CorrespondingSourceObject: {fileID: 0}
  m_PrefabInstance: {fileID: 0}
  m_PrefabAsset: {fileID: 0}
  m_GameObject: {fileID: 3833810146347540765}
  m_LocalRotation: {x: 0.5827487, y: 0.4146981, z: -0.5590872, w: 0.41934586}
  m_LocalPosition: {x: 0.11750688, y: 0.38056177, z: -0.0020273868}
  m_LocalScale: {x: 1, y: 1, z: 1}
  m_Children:
  - {fileID: 7372746472124412129}
  m_Father: {fileID: 3458783708941713291}
  m_RootOrder: 2
  m_LocalEulerAnglesHint: {x: 52.478233, y: -88.70038, z: 178.31224}
--- !u!1 &3966502965901389218
GameObject:
  m_ObjectHideFlags: 0
  m_CorrespondingSourceObject: {fileID: 0}
  m_PrefabInstance: {fileID: 0}
  m_PrefabAsset: {fileID: 0}
  serializedVersion: 6
  m_Component:
  - component: {fileID: 7372746472124412129}
  m_Layer: 0
  m_Name: mixamorig:RightArm
  m_TagString: Untagged
  m_Icon: {fileID: 0}
  m_NavMeshLayer: 0
  m_StaticEditorFlags: 0
  m_IsActive: 1
--- !u!4 &7372746472124412129
Transform:
  m_ObjectHideFlags: 0
  m_CorrespondingSourceObject: {fileID: 0}
  m_PrefabInstance: {fileID: 0}
  m_PrefabAsset: {fileID: 0}
  m_GameObject: {fileID: 3966502965901389218}
  m_LocalRotation: {x: 0.43961653, y: 0.15001547, z: 0.15126833, w: 0.87255406}
  m_LocalPosition: {x: 1.7763568e-17, y: 0.27329367, z: 0}
  m_LocalScale: {x: 1, y: 1, z: 1}
  m_Children:
  - {fileID: 1623448693693536844}
  m_Father: {fileID: 6280366213572826745}
  m_RootOrder: 0
  m_LocalEulerAnglesHint: {x: 44.01491, y: 3.3584745, z: -9.721896}
--- !u!1 &4094008394324527583
GameObject:
  m_ObjectHideFlags: 0
  m_CorrespondingSourceObject: {fileID: 0}
  m_PrefabInstance: {fileID: 0}
  m_PrefabAsset: {fileID: 0}
  serializedVersion: 6
  m_Component:
  - component: {fileID: 5038814975576553420}
  - component: {fileID: 764901865955774043}
  m_Layer: 0
  m_Name: Olho Direito
  m_TagString: Untagged
  m_Icon: {fileID: 0}
  m_NavMeshLayer: 0
  m_StaticEditorFlags: 0
  m_IsActive: 1
--- !u!4 &5038814975576553420
Transform:
  m_ObjectHideFlags: 0
  m_CorrespondingSourceObject: {fileID: 0}
  m_PrefabInstance: {fileID: 0}
  m_PrefabAsset: {fileID: 0}
  m_GameObject: {fileID: 4094008394324527583}
  m_LocalRotation: {x: -0.00000003774895, y: 0, z: -0, w: 1}
  m_LocalPosition: {x: 0.10896646, y: 4.2734714, z: 0.19405611}
  m_LocalScale: {x: 6.233776, y: 6.233776, z: 3.501363}
  m_Children: []
  m_Father: {fileID: 3647425763821602831}
  m_RootOrder: 4
  m_LocalEulerAnglesHint: {x: 0, y: 0, z: 0}
--- !u!137 &764901865955774043
SkinnedMeshRenderer:
  m_ObjectHideFlags: 0
  m_CorrespondingSourceObject: {fileID: 0}
  m_PrefabInstance: {fileID: 0}
  m_PrefabAsset: {fileID: 0}
  m_GameObject: {fileID: 4094008394324527583}
  m_Enabled: 1
  m_CastShadows: 1
  m_ReceiveShadows: 1
  m_DynamicOccludee: 1
  m_MotionVectors: 1
  m_LightProbeUsage: 1
  m_ReflectionProbeUsage: 1
  m_RayTracingMode: 3
  m_RayTraceProcedural: 0
  m_RenderingLayerMask: 1
  m_RendererPriority: 0
  m_Materials:
  - {fileID: 2100000, guid: 87a3e9e738162774ebb4dd5d53af899d, type: 2}
  - {fileID: 2100000, guid: 38bdbd9bc46969b46a3aefcedebf1414, type: 2}
  m_StaticBatchInfo:
    firstSubMesh: 0
    subMeshCount: 0
  m_StaticBatchRoot: {fileID: 0}
  m_ProbeAnchor: {fileID: 0}
  m_LightProbeVolumeOverride: {fileID: 0}
  m_ScaleInLightmap: 1
  m_ReceiveGI: 1
  m_PreserveUVs: 0
  m_IgnoreNormalsForChartDetection: 0
  m_ImportantGI: 0
  m_StitchLightmapSeams: 1
  m_SelectedEditorRenderState: 3
  m_MinimumChartSize: 4
  m_AutoUVMaxDistance: 0.5
  m_AutoUVMaxAngle: 89
  m_LightmapParameters: {fileID: 0}
  m_SortingLayerID: 0
  m_SortingLayer: 0
  m_SortingOrder: 0
  serializedVersion: 2
  m_Quality: 0
  m_UpdateWhenOffscreen: 0
  m_SkinnedMotionVectors: 1
  m_Mesh: {fileID: 9140199622030139284, guid: 59f7828e80a9ccf4988e48b1ff83d4e3, type: 3}
  m_Bones:
  - {fileID: 7274105730921454220}
  - {fileID: 8032326765575959542}
  m_BlendShapeWeights: []
  m_RootBone: {fileID: 8032326765575959542}
  m_AABB:
    m_Center: {x: 0.12338048, y: 0.4762289, z: 0.29677197}
    m_Extent: {x: 0.07675177, y: 0.06371237, z: 0.04916141}
  m_DirtyAABB: 0
--- !u!1 &4167398404462318261
GameObject:
  m_ObjectHideFlags: 0
  m_CorrespondingSourceObject: {fileID: 0}
  m_PrefabInstance: {fileID: 0}
  m_PrefabAsset: {fileID: 0}
  serializedVersion: 6
  m_Component:
  - component: {fileID: 3647425763821602831}
  - component: {fileID: 6588780703970651319}
  - component: {fileID: 4999137522339470292}
  - component: {fileID: 5794278375388234986}
  m_Layer: 0
  m_Name: personagem@Breathing Idle
  m_TagString: Untagged
  m_Icon: {fileID: 0}
  m_NavMeshLayer: 0
  m_StaticEditorFlags: 0
  m_IsActive: 1
--- !u!4 &3647425763821602831
Transform:
  m_ObjectHideFlags: 0
  m_CorrespondingSourceObject: {fileID: 0}
  m_PrefabInstance: {fileID: 0}
  m_PrefabAsset: {fileID: 0}
  m_GameObject: {fileID: 4167398404462318261}
  m_LocalRotation: {x: 0, y: 0, z: 0, w: 1}
  m_LocalPosition: {x: 0, y: -0.768, z: 0}
  m_LocalScale: {x: 0.4508675, y: 0.4508675, z: 0.4508675}
  m_Children:
  - {fileID: 5676570875670365976}
  - {fileID: 6894617002453839127}
  - {fileID: 7658944370052872646}
  - {fileID: 9137258994820163739}
  - {fileID: 5038814975576553420}
  - {fileID: 386171200006064049}
  - {fileID: 8398293726008589367}
  - {fileID: 3343779165565665484}
  - {fileID: 3339607526555959724}
  - {fileID: 8323215872442429474}
  m_Father: {fileID: 0}
  m_RootOrder: 0
  m_LocalEulerAnglesHint: {x: 0, y: 0, z: 0}
--- !u!95 &6588780703970651319
Animator:
  serializedVersion: 3
  m_ObjectHideFlags: 0
  m_CorrespondingSourceObject: {fileID: 0}
  m_PrefabInstance: {fileID: 0}
  m_PrefabAsset: {fileID: 0}
  m_GameObject: {fileID: 4167398404462318261}
  m_Enabled: 1
  m_Avatar: {fileID: 0}
  m_Controller: {fileID: 9100000, guid: 6bf6a3af17efbca458338f106293b5a5, type: 2}
  m_CullingMode: 0
  m_UpdateMode: 0
  m_ApplyRootMotion: 0
  m_LinearVelocityBlending: 0
  m_WarningMessage: 
  m_HasTransformHierarchy: 1
  m_AllowConstantClipSamplingOptimization: 1
  m_KeepAnimatorControllerStateOnDisable: 0
--- !u!114 &4999137522339470292
MonoBehaviour:
  m_ObjectHideFlags: 0
  m_CorrespondingSourceObject: {fileID: 0}
  m_PrefabInstance: {fileID: 0}
  m_PrefabAsset: {fileID: 0}
  m_GameObject: {fileID: 4167398404462318261}
  m_Enabled: 1
  m_EditorHideFlags: 0
  m_Script: {fileID: 11500000, guid: cbb49fb4a860ebd42a165f4274de0ffb, type: 3}
  m_Name: 
  m_EditorClassIdentifier: 
--- !u!114 &5794278375388234986
MonoBehaviour:
  m_ObjectHideFlags: 0
  m_CorrespondingSourceObject: {fileID: 0}
  m_PrefabInstance: {fileID: 0}
  m_PrefabAsset: {fileID: 0}
  m_GameObject: {fileID: 4167398404462318261}
  m_Enabled: 1
  m_EditorHideFlags: 0
  m_Script: {fileID: 11500000, guid: 9b8c4a61274f60b4ea5fb4299cfdbf14, type: 3}
  m_Name: 
  m_EditorClassIdentifier: 
  ShowLayerWeightsInspector: 1
  ShowParameterInspector: 1
  m_SynchronizeParameters:
  - Type: 4
    SynchronizeType: 2
    Name: isWalking
  - Type: 4
    SynchronizeType: 2
    Name: isStrafingLeft
  - Type: 4
    SynchronizeType: 2
    Name: isStrafingRight
  - Type: 4
    SynchronizeType: 2
    Name: isWalkingBackwards
  m_SynchronizeLayers:
  - SynchronizeType: 2
    LayerIndex: 0
--- !u!1 &4184402096845517294
GameObject:
  m_ObjectHideFlags: 0
  m_CorrespondingSourceObject: {fileID: 0}
  m_PrefabInstance: {fileID: 0}
  m_PrefabAsset: {fileID: 0}
  serializedVersion: 6
  m_Component:
  - component: {fileID: 9137258994820163739}
  m_Layer: 0
  m_Name: mixamorig:Hips
  m_TagString: Untagged
  m_Icon: {fileID: 0}
  m_NavMeshLayer: 0
  m_StaticEditorFlags: 0
  m_IsActive: 1
--- !u!4 &9137258994820163739
Transform:
  m_ObjectHideFlags: 0
  m_CorrespondingSourceObject: {fileID: 0}
  m_PrefabInstance: {fileID: 0}
  m_PrefabAsset: {fileID: 0}
  m_GameObject: {fileID: 4184402096845517294}
  m_LocalRotation: {x: -0.0132686, y: 0.0010802635, z: 0.009000902, w: 0.9998709}
  m_LocalPosition: {x: -0.00009210765, y: 2.253027, z: 0.010559631}
  m_LocalScale: {x: 1, y: 1, z: 1}
  m_Children:
  - {fileID: 1625962178887061991}
  - {fileID: 4921169381680750500}
  - {fileID: 8838008002774948616}
  m_Father: {fileID: 3647425763821602831}
  m_RootOrder: 3
  m_LocalEulerAnglesHint: {x: 0.1558423, y: -7.9303274, z: -2.916109}
--- !u!1 &4187597629201216902
GameObject:
  m_ObjectHideFlags: 0
  m_CorrespondingSourceObject: {fileID: 0}
  m_PrefabInstance: {fileID: 0}
  m_PrefabAsset: {fileID: 0}
  serializedVersion: 6
  m_Component:
  - component: {fileID: 8323215872442429474}
  - component: {fileID: 3110497314394452687}
  m_Layer: 0
  m_Name: zips
  m_TagString: Untagged
  m_Icon: {fileID: 0}
  m_NavMeshLayer: 0
  m_StaticEditorFlags: 0
  m_IsActive: 1
--- !u!4 &8323215872442429474
Transform:
  m_ObjectHideFlags: 0
  m_CorrespondingSourceObject: {fileID: 0}
  m_PrefabInstance: {fileID: 0}
  m_PrefabAsset: {fileID: 0}
  m_GameObject: {fileID: 4187597629201216902}
  m_LocalRotation: {x: 0.00000008146034, y: 0, z: -0, w: 1}
  m_LocalPosition: {x: -0, y: -0.000000059604645, z: 0.00064901775}
  m_LocalScale: {x: 24.560225, y: 24.916725, z: 31.587093}
  m_Children: []
  m_Father: {fileID: 3647425763821602831}
  m_RootOrder: 9
  m_LocalEulerAnglesHint: {x: 0, y: 0, z: 0}
--- !u!137 &3110497314394452687
SkinnedMeshRenderer:
  m_ObjectHideFlags: 0
  m_CorrespondingSourceObject: {fileID: 0}
  m_PrefabInstance: {fileID: 0}
  m_PrefabAsset: {fileID: 0}
  m_GameObject: {fileID: 4187597629201216902}
  m_Enabled: 1
  m_CastShadows: 1
  m_ReceiveShadows: 1
  m_DynamicOccludee: 1
  m_MotionVectors: 1
  m_LightProbeUsage: 1
  m_ReflectionProbeUsage: 1
  m_RayTracingMode: 3
  m_RayTraceProcedural: 0
  m_RenderingLayerMask: 1
  m_RendererPriority: 0
  m_Materials:
  - {fileID: 2100000, guid: f89faee9d173a3b499868bed00caf11a, type: 2}
  m_StaticBatchInfo:
    firstSubMesh: 0
    subMeshCount: 0
  m_StaticBatchRoot: {fileID: 0}
  m_ProbeAnchor: {fileID: 0}
  m_LightProbeVolumeOverride: {fileID: 0}
  m_ScaleInLightmap: 1
  m_ReceiveGI: 1
  m_PreserveUVs: 0
  m_IgnoreNormalsForChartDetection: 0
  m_ImportantGI: 0
  m_StitchLightmapSeams: 1
  m_SelectedEditorRenderState: 3
  m_MinimumChartSize: 4
  m_AutoUVMaxDistance: 0.5
  m_AutoUVMaxAngle: 89
  m_LightmapParameters: {fileID: 0}
  m_SortingLayerID: 0
  m_SortingLayer: 0
  m_SortingOrder: 0
  serializedVersion: 2
  m_Quality: 0
  m_UpdateWhenOffscreen: 0
  m_SkinnedMotionVectors: 1
  m_Mesh: {fileID: -6796356878315112408, guid: 59f7828e80a9ccf4988e48b1ff83d4e3, type: 3}
  m_Bones:
  - {fileID: 9137258994820163739}
  - {fileID: 2718860259977875424}
  - {fileID: 8838008002774948616}
  - {fileID: 3458783708941713291}
  - {fileID: 1625962178887061991}
  m_BlendShapeWeights: []
  m_RootBone: {fileID: 9137258994820163739}
  m_AABB:
    m_Center: {x: -0.005573936, y: 0.6247669, z: 0.28185785}
    m_Extent: {x: 0.05791866, y: 0.7294918, z: 0.026622638}
  m_DirtyAABB: 0
--- !u!1 &4649618410967443319
GameObject:
  m_ObjectHideFlags: 0
  m_CorrespondingSourceObject: {fileID: 0}
  m_PrefabInstance: {fileID: 0}
  m_PrefabAsset: {fileID: 0}
  serializedVersion: 6
  m_Component:
  - component: {fileID: 4424164853597211032}
  m_Layer: 0
  m_Name: mixamorig:RightFoot
  m_TagString: Untagged
  m_Icon: {fileID: 0}
  m_NavMeshLayer: 0
  m_StaticEditorFlags: 0
  m_IsActive: 1
--- !u!4 &4424164853597211032
Transform:
  m_ObjectHideFlags: 0
  m_CorrespondingSourceObject: {fileID: 0}
  m_PrefabInstance: {fileID: 0}
  m_PrefabAsset: {fileID: 0}
  m_GameObject: {fileID: 4649618410967443319}
  m_LocalRotation: {x: 0.5163157, y: 0.043082267, z: -0.058609445, w: 0.85330355}
  m_LocalPosition: {x: -0, y: 0.8741102, z: 8.881784e-18}
  m_LocalScale: {x: 1, y: 1, z: 1}
  m_Children:
  - {fileID: 2120428697054853452}
  m_Father: {fileID: 8725197469084459326}
  m_RootOrder: 0
  m_LocalEulerAnglesHint: {x: 56.388577, y: 1.6258912, z: -7.4306593}
--- !u!1 &5205944015261418467
GameObject:
  m_ObjectHideFlags: 0
  m_CorrespondingSourceObject: {fileID: 0}
  m_PrefabInstance: {fileID: 0}
  m_PrefabAsset: {fileID: 0}
  serializedVersion: 6
  m_Component:
  - component: {fileID: 2718860259977875424}
  m_Layer: 0
  m_Name: mixamorig:Spine1
  m_TagString: Untagged
  m_Icon: {fileID: 0}
  m_NavMeshLayer: 0
  m_StaticEditorFlags: 0
  m_IsActive: 1
--- !u!4 &2718860259977875424
Transform:
  m_ObjectHideFlags: 0
  m_CorrespondingSourceObject: {fileID: 0}
  m_PrefabInstance: {fileID: 0}
  m_PrefabAsset: {fileID: 0}
  m_GameObject: {fileID: 5205944015261418467}
  m_LocalRotation: {x: 0.008879401, y: 0.021657411, z: -0.00048441414, w: 0.99972594}
  m_LocalPosition: {x: -0, y: 0.34724256, z: 0}
  m_LocalScale: {x: 1, y: 1, z: 1}
  m_Children:
  - {fileID: 3458783708941713291}
  m_Father: {fileID: 8838008002774948616}
  m_RootOrder: 0
  m_LocalEulerAnglesHint: {x: 0.49135402, y: 1.3201421, z: 0.103346474}
--- !u!1 &5684658835402182683
GameObject:
  m_ObjectHideFlags: 0
  m_CorrespondingSourceObject: {fileID: 0}
  m_PrefabInstance: {fileID: 0}
  m_PrefabAsset: {fileID: 0}
  serializedVersion: 6
  m_Component:
  - component: {fileID: 1623448693693536844}
  m_Layer: 0
  m_Name: mixamorig:RightForeArm
  m_TagString: Untagged
  m_Icon: {fileID: 0}
  m_NavMeshLayer: 0
  m_StaticEditorFlags: 0
  m_IsActive: 1
--- !u!4 &1623448693693536844
Transform:
  m_ObjectHideFlags: 0
  m_CorrespondingSourceObject: {fileID: 0}
  m_PrefabInstance: {fileID: 0}
  m_PrefabAsset: {fileID: 0}
  m_GameObject: {fileID: 5684658835402182683}
  m_LocalRotation: {x: 0.007175057, y: 0.0000014570069, z: 0.23415, w: 0.97217405}
  m_LocalPosition: {x: -0, y: 0.7016912, z: 5.684342e-16}
  m_LocalScale: {x: 1, y: 1, z: 1}
  m_Children:
  - {fileID: 3215948226136330284}
  m_Father: {fileID: 7372746472124412129}
  m_RootOrder: 0
  m_LocalEulerAnglesHint: {x: 0.29899377, y: 0.025706863, z: 9.805336}
--- !u!1 &5713804884230560359
GameObject:
  m_ObjectHideFlags: 0
  m_CorrespondingSourceObject: {fileID: 0}
  m_PrefabInstance: {fileID: 0}
  m_PrefabAsset: {fileID: 0}
  serializedVersion: 6
  m_Component:
  - component: {fileID: 7298456948258241756}
  m_Layer: 0
  m_Name: mixamorig:LeftArm
  m_TagString: Untagged
  m_Icon: {fileID: 0}
  m_NavMeshLayer: 0
  m_StaticEditorFlags: 0
  m_IsActive: 1
--- !u!4 &7298456948258241756
Transform:
  m_ObjectHideFlags: 0
  m_CorrespondingSourceObject: {fileID: 0}
  m_PrefabInstance: {fileID: 0}
  m_PrefabAsset: {fileID: 0}
  m_GameObject: {fileID: 5713804884230560359}
  m_LocalRotation: {x: 0.41464892, y: -0.16756792, z: -0.11957318, w: 0.8863913}
  m_LocalPosition: {x: 1.7763568e-17, y: 0.27329367, z: 0}
  m_LocalScale: {x: 1, y: 1, z: 1}
  m_Children:
  - {fileID: 6035874082089505053}
  m_Father: {fileID: 1477939627522600720}
  m_RootOrder: 0
  m_LocalEulerAnglesHint: {x: 27.834122, y: -13.497268, z: -28.965452}
--- !u!1 &5932263843970673792
GameObject:
  m_ObjectHideFlags: 0
  m_CorrespondingSourceObject: {fileID: 0}
  m_PrefabInstance: {fileID: 0}
  m_PrefabAsset: {fileID: 0}
  serializedVersion: 6
  m_Component:
  - component: {fileID: 7274105730921454220}
  m_Layer: 0
  m_Name: mixamorig:Head
  m_TagString: Untagged
  m_Icon: {fileID: 0}
  m_NavMeshLayer: 0
  m_StaticEditorFlags: 0
  m_IsActive: 1
--- !u!4 &7274105730921454220
Transform:
  m_ObjectHideFlags: 0
  m_CorrespondingSourceObject: {fileID: 0}
  m_PrefabInstance: {fileID: 0}
  m_PrefabAsset: {fileID: 0}
  m_GameObject: {fileID: 5932263843970673792}
  m_LocalRotation: {x: 0.048196923, y: 0.014846541, z: -0.031546514, w: 0.99822915}
  m_LocalPosition: {x: -0, y: 0.20547393, z: 0.027552828}
  m_LocalScale: {x: 1, y: 1, z: 1}
  m_Children:
  - {fileID: 5596742582629555810}
  m_Father: {fileID: 8032326765575959542}
  m_RootOrder: 0
  m_LocalEulerAnglesHint: {x: -4.4615397, y: 3.3203385, z: 1.6060996}
--- !u!1 &6198564729377565520
GameObject:
  m_ObjectHideFlags: 0
  m_CorrespondingSourceObject: {fileID: 0}
  m_PrefabInstance: {fileID: 0}
  m_PrefabAsset: {fileID: 0}
  serializedVersion: 6
  m_Component:
  - component: {fileID: 1552733242288959957}
  m_Layer: 0
  m_Name: mixamorig:LeftFoot
  m_TagString: Untagged
  m_Icon: {fileID: 0}
  m_NavMeshLayer: 0
  m_StaticEditorFlags: 0
  m_IsActive: 1
--- !u!4 &1552733242288959957
Transform:
  m_ObjectHideFlags: 0
  m_CorrespondingSourceObject: {fileID: 0}
  m_PrefabInstance: {fileID: 0}
  m_PrefabAsset: {fileID: 0}
  m_GameObject: {fileID: 6198564729377565520}
  m_LocalRotation: {x: 0.5535413, y: -0.07004891, z: 0.03831798, w: 0.8289855}
  m_LocalPosition: {x: 7.105427e-17, y: 0.8740194, z: 0}
  m_LocalScale: {x: 1, y: 1, z: 1}
  m_Children:
  - {fileID: 7825116698328014666}
  m_Father: {fileID: 6208873512162822457}
  m_RootOrder: 0
  m_LocalEulerAnglesHint: {x: 65.1851, y: -34.54727, z: -26.402956}
--- !u!1 &6503559425678885575
GameObject:
  m_ObjectHideFlags: 0
  m_CorrespondingSourceObject: {fileID: 0}
  m_PrefabInstance: {fileID: 0}
  m_PrefabAsset: {fileID: 0}
  serializedVersion: 6
  m_Component:
  - component: {fileID: 6534884704127015406}
  m_Layer: 0
  m_Name: mixamorig:RightToe_End
  m_TagString: Untagged
  m_Icon: {fileID: 0}
  m_NavMeshLayer: 0
  m_StaticEditorFlags: 0
  m_IsActive: 1
--- !u!4 &6534884704127015406
Transform:
  m_ObjectHideFlags: 0
  m_CorrespondingSourceObject: {fileID: 0}
  m_PrefabInstance: {fileID: 0}
  m_PrefabAsset: {fileID: 0}
  m_GameObject: {fileID: 6503559425678885575}
  m_LocalRotation: {x: 0, y: -0, z: -0, w: 1}
  m_LocalPosition: {x: -3.5527136e-17, y: 0.15041654, z: -8.881784e-18}
  m_LocalScale: {x: 1, y: 1, z: 1}
  m_Children: []
  m_Father: {fileID: 2120428697054853452}
  m_RootOrder: 0
  m_LocalEulerAnglesHint: {x: 0, y: 0, z: 0}
--- !u!1 &6644262750820940389
GameObject:
  m_ObjectHideFlags: 0
  m_CorrespondingSourceObject: {fileID: 0}
  m_PrefabInstance: {fileID: 0}
  m_PrefabAsset: {fileID: 0}
  serializedVersion: 6
  m_Component:
  - component: {fileID: 3343779165565665484}
  - component: {fileID: 7074603757652376179}
  m_Layer: 0
  m_Name: sobrancelha esquerda
  m_TagString: Untagged
  m_Icon: {fileID: 0}
  m_NavMeshLayer: 0
  m_StaticEditorFlags: 0
  m_IsActive: 1
--- !u!4 &3343779165565665484
Transform:
  m_ObjectHideFlags: 0
  m_CorrespondingSourceObject: {fileID: 0}
  m_PrefabInstance: {fileID: 0}
  m_PrefabAsset: {fileID: 0}
  m_GameObject: {fileID: 6644262750820940389}
  m_LocalRotation: {x: -0.66591346, y: -0.13626753, z: -0.070618324, w: 0.7300709}
  m_LocalPosition: {x: -0.122346476, y: 4.3291245, z: 0.20913522}
  m_LocalScale: {x: 10.450885, y: 0.96357965, z: 1.0410359}
  m_Children: []
  m_Father: {fileID: 3647425763821602831}
  m_RootOrder: 7
  m_LocalEulerAnglesHint: {x: 0, y: 0, z: 0}
--- !u!137 &7074603757652376179
SkinnedMeshRenderer:
  m_ObjectHideFlags: 0
  m_CorrespondingSourceObject: {fileID: 0}
  m_PrefabInstance: {fileID: 0}
  m_PrefabAsset: {fileID: 0}
  m_GameObject: {fileID: 6644262750820940389}
  m_Enabled: 1
  m_CastShadows: 1
  m_ReceiveShadows: 1
  m_DynamicOccludee: 1
  m_MotionVectors: 1
  m_LightProbeUsage: 1
  m_ReflectionProbeUsage: 1
  m_RayTracingMode: 3
  m_RayTraceProcedural: 0
  m_RenderingLayerMask: 1
  m_RendererPriority: 0
  m_Materials:
  - {fileID: 2100000, guid: 2cb9c97d2821c0b43a7fd64a589fb6f2, type: 2}
  m_StaticBatchInfo:
    firstSubMesh: 0
    subMeshCount: 0
  m_StaticBatchRoot: {fileID: 0}
  m_ProbeAnchor: {fileID: 0}
  m_LightProbeVolumeOverride: {fileID: 0}
  m_ScaleInLightmap: 1
  m_ReceiveGI: 1
  m_PreserveUVs: 0
  m_IgnoreNormalsForChartDetection: 0
  m_ImportantGI: 0
  m_StitchLightmapSeams: 1
  m_SelectedEditorRenderState: 3
  m_MinimumChartSize: 4
  m_AutoUVMaxDistance: 0.5
  m_AutoUVMaxAngle: 89
  m_LightmapParameters: {fileID: 0}
  m_SortingLayerID: 0
  m_SortingLayer: 0
  m_SortingOrder: 0
  serializedVersion: 2
  m_Quality: 0
  m_UpdateWhenOffscreen: 0
  m_SkinnedMotionVectors: 1
  m_Mesh: {fileID: 4846224924272810741, guid: 59f7828e80a9ccf4988e48b1ff83d4e3, type: 3}
  m_Bones:
  - {fileID: 7274105730921454220}
  - {fileID: 8032326765575959542}
  m_BlendShapeWeights: []
  m_RootBone: {fileID: 8032326765575959542}
  m_AABB:
    m_Center: {x: -0.09537365, y: 0.53524435, z: 0.31405875}
    m_Extent: {x: 0.10662747, y: 0.037138686, z: 0.062029094}
  m_DirtyAABB: 0
--- !u!1 &6721887390347405221
GameObject:
  m_ObjectHideFlags: 0
  m_CorrespondingSourceObject: {fileID: 0}
  m_PrefabInstance: {fileID: 0}
  m_PrefabAsset: {fileID: 0}
  serializedVersion: 6
  m_Component:
  - component: {fileID: 940528488137579164}
  m_Layer: 0
  m_Name: mixamorig:LeftToe_End
  m_TagString: Untagged
  m_Icon: {fileID: 0}
  m_NavMeshLayer: 0
  m_StaticEditorFlags: 0
  m_IsActive: 1
--- !u!4 &940528488137579164
Transform:
  m_ObjectHideFlags: 0
  m_CorrespondingSourceObject: {fileID: 0}
  m_PrefabInstance: {fileID: 0}
  m_PrefabAsset: {fileID: 0}
  m_GameObject: {fileID: 6721887390347405221}
  m_LocalRotation: {x: 0, y: -0, z: -0, w: 1}
  m_LocalPosition: {x: 3.5527136e-17, y: 0.15025316, z: -8.881784e-18}
  m_LocalScale: {x: 1, y: 1, z: 1}
  m_Children: []
  m_Father: {fileID: 7825116698328014666}
  m_RootOrder: 0
  m_LocalEulerAnglesHint: {x: 0, y: 0, z: 0}
--- !u!1 &6935048461633166191
GameObject:
  m_ObjectHideFlags: 0
  m_CorrespondingSourceObject: {fileID: 0}
  m_PrefabInstance: {fileID: 0}
  m_PrefabAsset: {fileID: 0}
  serializedVersion: 6
  m_Component:
  - component: {fileID: 4921169381680750500}
  m_Layer: 0
  m_Name: mixamorig:RightUpLeg
  m_TagString: Untagged
  m_Icon: {fileID: 0}
  m_NavMeshLayer: 0
  m_StaticEditorFlags: 0
  m_IsActive: 1
--- !u!4 &4921169381680750500
Transform:
  m_ObjectHideFlags: 0
  m_CorrespondingSourceObject: {fileID: 0}
  m_PrefabInstance: {fileID: 0}
  m_PrefabAsset: {fileID: 0}
  m_GameObject: {fileID: 6935048461633166191}
  m_LocalRotation: {x: 0.12113826, y: 0.062919825, z: 0.9896555, w: -0.04414343}
  m_LocalPosition: {x: 0.23647602, y: -0.16547379, z: -0.007730355}
  m_LocalScale: {x: 1, y: 1, z: 1}
  m_Children:
  - {fileID: 8725197469084459326}
  m_Father: {fileID: 9137258994820163739}
  m_RootOrder: 1
  m_LocalEulerAnglesHint: {x: -28.871702, y: 6.938437, z: -176.21312}
--- !u!1 &7349777441387715322
GameObject:
  m_ObjectHideFlags: 0
  m_CorrespondingSourceObject: {fileID: 0}
  m_PrefabInstance: {fileID: 0}
  m_PrefabAsset: {fileID: 0}
  serializedVersion: 6
  m_Component:
  - component: {fileID: 3339607526555959724}
  - component: {fileID: 848050086099187557}
  m_Layer: 0
  m_Name: zipper
  m_TagString: Untagged
  m_Icon: {fileID: 0}
  m_NavMeshLayer: 0
  m_StaticEditorFlags: 0
  m_IsActive: 1
--- !u!4 &3339607526555959724
Transform:
  m_ObjectHideFlags: 0
  m_CorrespondingSourceObject: {fileID: 0}
  m_PrefabInstance: {fileID: 0}
  m_PrefabAsset: {fileID: 0}
  m_GameObject: {fileID: 7349777441387715322}
  m_LocalRotation: {x: 0.8746471, y: 0, z: 0, w: -0.48476025}
  m_LocalPosition: {x: -1.3096724e-10, y: 3.6599452, z: 0.19495453}
  m_LocalScale: {x: 0.9088749, y: 0.22176845, z: 0.9088749}
  m_Children: []
  m_Father: {fileID: 3647425763821602831}
  m_RootOrder: 8
  m_LocalEulerAnglesHint: {x: 0, y: 0, z: 0}
--- !u!137 &848050086099187557
SkinnedMeshRenderer:
  m_ObjectHideFlags: 0
  m_CorrespondingSourceObject: {fileID: 0}
  m_PrefabInstance: {fileID: 0}
  m_PrefabAsset: {fileID: 0}
  m_GameObject: {fileID: 7349777441387715322}
  m_Enabled: 1
  m_CastShadows: 1
  m_ReceiveShadows: 1
  m_DynamicOccludee: 1
  m_MotionVectors: 1
  m_LightProbeUsage: 1
  m_ReflectionProbeUsage: 1
  m_RayTracingMode: 3
  m_RayTraceProcedural: 0
  m_RenderingLayerMask: 1
  m_RendererPriority: 0
  m_Materials:
  - {fileID: 2100000, guid: 85af97d822927da49a621aebc706e861, type: 2}
  m_StaticBatchInfo:
    firstSubMesh: 0
    subMeshCount: 0
  m_StaticBatchRoot: {fileID: 0}
  m_ProbeAnchor: {fileID: 0}
  m_LightProbeVolumeOverride: {fileID: 0}
  m_ScaleInLightmap: 1
  m_ReceiveGI: 1
  m_PreserveUVs: 0
  m_IgnoreNormalsForChartDetection: 0
  m_ImportantGI: 0
  m_StitchLightmapSeams: 1
  m_SelectedEditorRenderState: 3
  m_MinimumChartSize: 4
  m_AutoUVMaxDistance: 0.5
  m_AutoUVMaxAngle: 89
  m_LightmapParameters: {fileID: 0}
  m_SortingLayerID: 0
  m_SortingLayer: 0
  m_SortingOrder: 0
  serializedVersion: 2
  m_Quality: 0
  m_UpdateWhenOffscreen: 0
  m_SkinnedMotionVectors: 1
  m_Mesh: {fileID: -2954170934651041295, guid: 59f7828e80a9ccf4988e48b1ff83d4e3, type: 3}
  m_Bones:
  - {fileID: 3458783708941713291}
  m_BlendShapeWeights: []
  m_RootBone: {fileID: 3458783708941713291}
  m_AABB:
    m_Center: {x: -0.0000000055879354, y: 0.3116793, z: 0.28163782}
    m_Extent: {x: 0.016658416, y: 0.025633156, z: 0.02030766}
  m_DirtyAABB: 0
--- !u!1 &7705284329412634634
GameObject:
  m_ObjectHideFlags: 0
  m_CorrespondingSourceObject: {fileID: 0}
  m_PrefabInstance: {fileID: 0}
  m_PrefabAsset: {fileID: 0}
  serializedVersion: 6
  m_Component:
  - component: {fileID: 6894617002453839127}
  - component: {fileID: 4617935585118677499}
  m_Layer: 0
  m_Name: Cabelo
  m_TagString: Untagged
  m_Icon: {fileID: 0}
  m_NavMeshLayer: 0
  m_StaticEditorFlags: 0
  m_IsActive: 1
--- !u!4 &6894617002453839127
Transform:
  m_ObjectHideFlags: 0
  m_CorrespondingSourceObject: {fileID: 0}
  m_PrefabInstance: {fileID: 0}
  m_PrefabAsset: {fileID: 0}
  m_GameObject: {fileID: 7705284329412634634}
  m_LocalRotation: {x: -0.7071068, y: 0, z: -0, w: 0.7071067}
  m_LocalPosition: {x: -0, y: 4.555772, z: 0}
  m_LocalScale: {x: 28.936901, y: 28.936901, z: 28.936901}
  m_Children: []
  m_Father: {fileID: 3647425763821602831}
  m_RootOrder: 1
  m_LocalEulerAnglesHint: {x: 0, y: 0, z: 0}
--- !u!137 &4617935585118677499
SkinnedMeshRenderer:
  m_ObjectHideFlags: 0
  m_CorrespondingSourceObject: {fileID: 0}
  m_PrefabInstance: {fileID: 0}
  m_PrefabAsset: {fileID: 0}
  m_GameObject: {fileID: 7705284329412634634}
  m_Enabled: 1
  m_CastShadows: 1
  m_ReceiveShadows: 1
  m_DynamicOccludee: 1
  m_MotionVectors: 1
  m_LightProbeUsage: 1
  m_ReflectionProbeUsage: 1
  m_RayTracingMode: 3
  m_RayTraceProcedural: 0
  m_RenderingLayerMask: 1
  m_RendererPriority: 0
  m_Materials:
  - {fileID: 2100000, guid: 2cb9c97d2821c0b43a7fd64a589fb6f2, type: 2}
  m_StaticBatchInfo:
    firstSubMesh: 0
    subMeshCount: 0
  m_StaticBatchRoot: {fileID: 0}
  m_ProbeAnchor: {fileID: 0}
  m_LightProbeVolumeOverride: {fileID: 0}
  m_ScaleInLightmap: 1
  m_ReceiveGI: 1
  m_PreserveUVs: 0
  m_IgnoreNormalsForChartDetection: 0
  m_ImportantGI: 0
  m_StitchLightmapSeams: 1
  m_SelectedEditorRenderState: 3
  m_MinimumChartSize: 4
  m_AutoUVMaxDistance: 0.5
  m_AutoUVMaxAngle: 89
  m_LightmapParameters: {fileID: 0}
  m_SortingLayerID: 0
  m_SortingLayer: 0
  m_SortingOrder: 0
  serializedVersion: 2
  m_Quality: 0
  m_UpdateWhenOffscreen: 0
  m_SkinnedMotionVectors: 1
  m_Mesh: {fileID: 7922633807321987303, guid: 59f7828e80a9ccf4988e48b1ff83d4e3, type: 3}
  m_Bones:
  - {fileID: 7274105730921454220}
  - {fileID: 8032326765575959542}
  - {fileID: 3458783708941713291}
  m_BlendShapeWeights: []
  m_RootBone: {fileID: 3458783708941713291}
  m_AABB:
    m_Center: {x: 0.00024971366, y: 1.034593, z: 0.089558184}
    m_Extent: {x: 0.31886527, y: 0.3818299, z: 0.38060963}
  m_DirtyAABB: 0
--- !u!1 &8560174200742789804
GameObject:
  m_ObjectHideFlags: 0
  m_CorrespondingSourceObject: {fileID: 0}
  m_PrefabInstance: {fileID: 0}
  m_PrefabAsset: {fileID: 0}
  serializedVersion: 6
  m_Component:
  - component: {fileID: 8725197469084459326}
  m_Layer: 0
  m_Name: mixamorig:RightLeg
  m_TagString: Untagged
  m_Icon: {fileID: 0}
  m_NavMeshLayer: 0
  m_StaticEditorFlags: 0
  m_IsActive: 1
--- !u!4 &8725197469084459326
Transform:
  m_ObjectHideFlags: 0
  m_CorrespondingSourceObject: {fileID: 0}
  m_PrefabInstance: {fileID: 0}
  m_PrefabAsset: {fileID: 0}
  m_GameObject: {fileID: 8560174200742789804}
  m_LocalRotation: {x: -0.1653357, y: -0.033602033, z: 0.016959868, w: 0.9855189}
  m_LocalPosition: {x: -0, y: 1.0106089, z: -8.881784e-18}
  m_LocalScale: {x: 1, y: 1, z: 1}
  m_Children:
  - {fileID: 4424164853597211032}
  m_Father: {fileID: 4921169381680750500}
  m_RootOrder: 0
  m_LocalEulerAnglesHint: {x: -19.385315, y: -10.62702, z: 5.289942}
--- !u!1 &8917654584389423417
GameObject:
  m_ObjectHideFlags: 0
  m_CorrespondingSourceObject: {fileID: 0}
  m_PrefabInstance: {fileID: 0}
  m_PrefabAsset: {fileID: 0}
  serializedVersion: 6
  m_Component:
  - component: {fileID: 3458783708941713291}
  m_Layer: 0
  m_Name: mixamorig:Spine2
  m_TagString: Untagged
  m_Icon: {fileID: 0}
  m_NavMeshLayer: 0
  m_StaticEditorFlags: 0
  m_IsActive: 1
--- !u!4 &3458783708941713291
Transform:
  m_ObjectHideFlags: 0
  m_CorrespondingSourceObject: {fileID: 0}
  m_PrefabInstance: {fileID: 0}
  m_PrefabAsset: {fileID: 0}
  m_GameObject: {fileID: 8917654584389423417}
  m_LocalRotation: {x: 0.00882675, y: 0.021639636, z: -0.0008630664, w: 0.99972653}
  m_LocalPosition: {x: -0, y: 0.39684895, z: 0}
  m_LocalScale: {x: 1, y: 1, z: 1}
  m_Children:
  - {fileID: 1477939627522600720}
  - {fileID: 8032326765575959542}
  - {fileID: 6280366213572826745}
  m_Father: {fileID: 2718860259977875424}
  m_RootOrder: 0
  m_LocalEulerAnglesHint: {x: 0.49518532, y: 1.3179879, z: 0.0968143}
